@article {HRMJ:HRMJ60,
author = {Swart, Juani and Kinnie, Nicholas},
title = {Sharing knowledge in knowledge-intensive firms},
journal = {Human Resource Management Journal},
volume = {13},
number = {2},
publisher = {Blackwell Publishing Ltd},
issn = {1748-8583},
url = {http://dx.doi.org/10.1111/j.1748-8583.2003.tb00091.x},
doi = {10.1111/j.1748-8583.2003.tb00091.x},
pages = {60--75},
year = {2003},
}
