@article{first,
Author = {Beaman, Lori and Magruder, Jeremy},
Title = {Who Gets the Job Referral? Evidence from a Social Networks Experiment},
Journal = {American Economic Review},
Volume = {102},
Number = {7},
Year = {2012},
Pages = {3574-93},
DOI = {10.1257/aer.102.7.3574},
URL = {http://www.aeaweb.org/articles.php?doi=10.1257/aer.102.7.3574}} 

@article {second,
author = {CaldWell, David F. and Spivey, W. Austin},
title = {THE RELATIONSHIP BETWEEN RECRUITING SOURCE AND EMPLOYEE SUCCESS: AN ANALYSIS BY RACE},
journal = {Personnel Psychology},
volume = {36},
number = {1},
publisher = {Blackwell Publishing Ltd},
issn = {1744-6570},
url = {http://dx.doi.org/10.1111/j.1744-6570.1983.tb00503.x},
doi = {10.1111/j.1744-6570.1983.tb00503.x},
pages = {67--72},
year = {1983},
}

@article {third,
author = {Taber, Mary E. and Hendricks, Wallace},
title = {The effect of workplace gender and race demographic composition on hiring through employee referrals},
journal = {Human Resource Development Quarterly},
volume = {14},
number = {3},
publisher = {Wiley Subscription Services, Inc., A Wiley Company},
issn = {1532-1096},
url = {http://dx.doi.org/10.1002/hrdq.1068},
doi = {10.1002/hrdq.1068},
pages = {303--319},
year = {2003},
}

@article{fourth,
author = {Rafaeli, Anat and Hadomi, Ori and Simons, Tal},
title = {Recruiting through advertising or employee referrals: Costs, yields, and the effects of geographic focus},
journal = {European Journal of Work and Organizational Psychology},
volume = {14},
number = {4},
pages = {355-366},
year = {2005},
doi = {10.1080/13594320500183709},

URL = {http://www.tandfonline.com/doi/abs/10.1080/13594320500183709},
eprint = {http://www.tandfonline.com/doi/pdf/10.1080/13594320500183709}
}


@TechReport{fifth,
  author={Meta Brown and Elizabeth Setren and Giorgio Topa},
  title={{Do informal referrals lead to better matches? Evidence from a firm's employee referral system}},
  year=2012,
  month= ,
  institution={Federal Reserve Bank of New York},
  type={Staff Reports},
  url={http://ideas.repec.org/p/fip/fednsr/568.html},
  number={568},
}

@article{sixth,
title = "Data mining to improve personnel selection and enhance human capital: A case study in high-technology industry ",
journal = "Expert Systems with Applications ",
volume = "34",
number = "1",
pages = "280 - 290",
year = "2008",
note = "",
issn = "0957-4174",
doi = "http://dx.doi.org/10.1016/j.eswa.2006.09.003",
url = "http://www.sciencedirect.com/science/article/pii/S0957417406002776",
author = "Chen-Fu Chien and Li-Fei Chen",
}

@article{seventh,
  title={Sources of referral and employee turnover.},
  author={Gannon, Martin J},
  journal={Journal of Applied Psychology},
  volume={55},
  number={3},
  pages={226},
  year={1971},
  publisher={American Psychological Association}
}

@article{eight,
  title={Relationships between recruiting sources and employee performance, absenteeism, and work attitudes},
  author={Breaugh, James A},
  journal={Academy of Management Journal},
  volume={24},
  number={1},
  pages={142--147},
  year={1981},
  publisher={Academy of Management}
}

@article{ninth,
  title={The motivations for and outcomes of employee referrals},
  author={Shinnar, Rachel S and Young, Cheri A and Meana, Marta},
  journal={Journal of Business and Psychology},
  volume={19},
  number={2},
  pages={271--283},
  year={2004},
  publisher={Springer}
}

@article{tenth,
  title={The relationship between recruiting source, applicant quality, and hire performance: An analysis by sex, ethnicity, and age},
  author={Kirnan, Jean Powell and Farley, John A and Geisinger, Kurt F},
  journal={Personnel psychology},
  volume={42},
  number={2},
  pages={293--308},
  year={1989},
  publisher={Wiley Online Library}
}

@article{eleventh,
  title={Recruiting methods and turnover},
  author={Keaveny, Timothy J and Allen, Robert E},
  journal={Journal of Behavioral Economics},
  volume={8},
  number={2},
  pages={165--180},
  year={1979},
  publisher={North-Holland}
}


@article{twelveth,
  title={Social networks and labor-market outcomes: Toward an economic analysis},
  author={Myers, Charles A and Shultz, George P},
  journal={The American economic review},
  volume={81},
  number={5},
  pages={1408--1418},
  year={1991}
}

@ONLINE{turnover,
 author = {Payscale},
 title = {Tech companies have highest turnover rate},
 month = sep,
 year = {2013},
 url = {http://www.techrepublic.com/blog/career-management/tech-companies-have-highest-turnover-rate/#postComments}
}

@ONLINE{referralpercentage,
 author = {CareerXroads},
 title = {10th Annual CareerXroads Source of Hire Report:},
 month = mar,
 year = {2011},
 url = {http://www.careerxroads.com/news/SourcesOfHire11.pdf}
}

@article{motives,
Author = {van Hoye, G.},
Title = {Recruiting Through Employee Referrals: An Examination of Employees Motives},
URL = {http://users.ugent.be/~gvanhoye/bestanden/Motives%20for%20Employee%20Referrals%20in%20press.pdf}} 

@inproceedings{diversity,
  author = {Alfaro, Iv√°n},
  booktitle = {ICIS},
  crossref = {conf/icis/2010},
  editor = {Sabherwal, Rajiv and Sumner, Mary},
  isbn = {978-0-615-41898-8},
  pages = 166,
  publisher = {Association for Information Systems},
  title = {Nationality Diversity and Performance in Global Software Development Teams: the Role of Temporal dispersion and Leadership.},
  year = 2010
}

@article{teamdiversity,
  author = {Liang, Ting-Peng and Liu, Chih-Chung and Lin, Tse-Min and Lin, Binshan},
  date = {2009-10-30},
  journal = {Industrial Management and Data Systems},
  keywords = {dblp},
  number = 5,
  pages = {636-653},
  title = {Effect of team diversity on software project performance.},
  volume = 107,
  year = 2007
}

