@article{first,
Author = {Beaman, Lori and Magruder, Jeremy},
Title = {Who Gets the Job Referral? Evidence from a Social Networks Experiment},
Journal = {American Economic Review},
Volume = {102},
Number = {7},
Year = {2012},
Pages = {3574-93},
DOI = {10.1257/aer.102.7.3574},
URL = {http://www.aeaweb.org/articles.php?doi=10.1257/aer.102.7.3574}} 

@article {second,
author = {CALDWELL, DAVID F. and SPIVEY, W. AUSTIN},
title = {THE RELATIONSHIP BETWEEN RECRUITING SOURCE AND EMPLOYEE SUCCESS: AN ANALYSIS BY RACE},
journal = {Personnel Psychology},
volume = {36},
number = {1},
publisher = {Blackwell Publishing Ltd},
issn = {1744-6570},
url = {http://dx.doi.org/10.1111/j.1744-6570.1983.tb00503.x},
doi = {10.1111/j.1744-6570.1983.tb00503.x},
pages = {67--72},
year = {1983},
}

@article {third,
author = {Taber, Mary E. and Hendricks, Wallace},
title = {The effect of workplace gender and race demographic composition on hiring through employee referrals},
journal = {Human Resource Development Quarterly},
volume = {14},
number = {3},
publisher = {Wiley Subscription Services, Inc., A Wiley Company},
issn = {1532-1096},
url = {http://dx.doi.org/10.1002/hrdq.1068},
doi = {10.1002/hrdq.1068},
pages = {303--319},
year = {2003},
}

@article{fourth,
author = {Rafaeli, Anat and Hadomi, Ori and Simons, Tal},
title = {Recruiting through advertising or employee referrals: Costs, yields, and the effects of geographic focus},
journal = {European Journal of Work and Organizational Psychology},
volume = {14},
number = {4},
pages = {355-366},
year = {2005},
doi = {10.1080/13594320500183709},

URL = {http://www.tandfonline.com/doi/abs/10.1080/13594320500183709},
eprint = {http://www.tandfonline.com/doi/pdf/10.1080/13594320500183709}
}


@TechReport{fifth,
  author={Meta Brown and Elizabeth Setren and Giorgio Topa},
  title={{Do informal referrals lead to better matches? Evidence from a firm's employee referral system}},
  year=2012,
  month= ,
  institution={Federal Reserve Bank of New York},
  type={Staff Reports},
  url={http://ideas.repec.org/p/fip/fednsr/568.html},
  number={568},
}

@article{sixth,
title = "Data mining to improve personnel selection and enhance human capital: A case study in high-technology industry ",
journal = "Expert Systems with Applications ",
volume = "34",
number = "1",
pages = "280 - 290",
year = "2008",
note = "",
issn = "0957-4174",
doi = "http://dx.doi.org/10.1016/j.eswa.2006.09.003",
url = "http://www.sciencedirect.com/science/article/pii/S0957417406002776",
author = "Chen-Fu Chien and Li-Fei Chen",
}


